@article{article1,
author = {Ishibuchi, Hisao and Nakashima, Tomoharu and Murata, Tadahiko},
year = {1997},
month = {12},
pages = {10-19},
title = {Comparison of the Michigan and Pittsburgh approaches to the design of fuzzy classification systems},
volume = {80},
journal = {Electronics and Communications in Japan Part Iii-fundamental Electronic Science - ELECTRON COMMUN JPN III},
doi = {10.1002/(SICI)1520-6440(199712)80:123.0.CO;2-W}
}
@article{413232,
  author={Ishibuchi, H. and Nozaki, K. and Yamamoto, N. and Tanaka, H.},
  journal={IEEE Transactions on Fuzzy Systems}, 
  title={Selecting fuzzy if-then rules for classification problems using genetic algorithms}, 
  year={1995},
  volume={3},
  number={3},
  pages={260-270},
  keywords={Genetic algorithms;Fuzzy sets;Fuzzy systems;Fuzzy control;Fuzzy logic;Training data;Testing;Computer simulation;Iris;Automatic control},
  doi={10.1109/91.413232}},
@article{inbook,
author = {Ishibuchi, Hisao and Murata, Tadahiko and Tanaka, Hideo},
year = {2017},
month = {11},
pages = {227-252},
title = {Construction of Fuzzy Classification Systems with Linguistic If-Then Rules Using Genetic Algorithms},
isbn = {9780203713402},
doi = {10.1201/9780203713402-11}
}